@inproceedings{Hall2014OpticalCO,
  title={Optical Characterization of Deep-Space Object Rotation States},
  author={Doyle Thomas Hall and Paul W. Kervin},
  year={2014}
}

@article{AMOS,
author = {Hall, Doyle and Africano, J and Archambeault, D and Birge, B and Witte, D and Kervin, P},
year = {2006},
month = {01},
pages = {76},
title = {AMOS Observations of NASA's IMAGE Satellite},
volume = {-1}
}

@article{SILHA2018844,
title = "Apparent rotation properties of space debris extracted from photometric measurements",
journal = "Advances in Space Research",
volume = "61",
number = "3",
pages = "844 - 861",
year = "2018",
issn = "0273-1177",
doi = "https://doi.org/10.1016/j.asr.2017.10.048",
url = "http://www.sciencedirect.com/science/article/pii/S027311771730786X",
author = "Jiří Šilha and Jean-Noël Pittet and Michal Hamara and Thomas Schildknecht"
}

@inproceedings{Linder,
title = {Extraction of Spin Periods of Space Debris from Optical Light Curves.},
author = {Linder, E., Silha, J., Schildknecht, T. and Hager, M.},
year  = {2015}
}

@inproceedings{Magnusson1989DeterminationOP,
  title={Determination of pole orientations and shapes of asteroids.},
  author={Per Magnusson and M A Barucci and J D Drummond and Kari Lumme and Steven Jeffrey Ostro and Jean Surdej and Ronald Charles Taylor and Vincenzo Zappal{\`a}},
  year={1989}
}

@article{Wallace,
author = {Wallace, Brad and Somers, Phil and Scott, Robert},
year = {2010},
month = {09},
pages = {9},
title = {Determination of Spin Axis Orientation of Geosynchronous Objects Using Space-Based Sensors: An Initial Feasibility Investigation}
}

@article{article,
author = {Kaasalainen, M},
year = {2001},
month = {09},
pages = {302-309},
title = {Interpretation of lightcurves of precessing asteroids},
volume = {376},
journal = {A&A},
doi = {10.1051/0004-6361:20010935}
}

@inproceedings{Ojakangas2012ProbableRS,
  title={Probable Rotation States of Rocket Bodies in Low Earth Orbit},
  author={Gregory W. Ojakangas and Phillip D. Anz-Meador and Heather Cowardin},
  year={2012}
}

@article{Nishimoto,
author = {Nishimoto, Daron and Archambeault, David and Gerwe, David and Kervin, Paul},
year = {2010},
month = {09},
pages = {11},
title = {Satellite Attitude from a Raven Class Telescope}
}

@article{Tagliaferri,
author = {Tagliaferri, Roberto and Ciaramella, Angelo and Milano, Leopoldo and Barone, Fabrizio and Longo, Giuseppe},
year = {1999},
month = {06},
pages = {},
title = {Spectral Analysis of Stellar Light Curves by Means of Neural Networks},
volume = {137},
journal = {Astronomy and Astrophysics Supplement Series},
doi = {10.1051/aas:1999254}
}

@article{WARNER2009134,
title = "The asteroid lightcurve database",
journal = "Icarus",
volume = "202",
number = "1",
pages = "134 - 146",
year = "2009",
issn = "0019-1035",
doi = "https://doi.org/10.1016/j.icarus.2009.02.003",
url = "http://www.sciencedirect.com/science/article/pii/S0019103509000566",
author = "Brian D. Warner and Alan W. Harris and Petr Pravec"
}

@inproceedings{Bradley2014LIGHTCURVEIF,
  title={LIGHTCURVE INVERSION FOR SHAPE ESTIMATION OF GEO OBJECTS FROM SPACE-BASED SENSORS},
  author={Ben K. Bradley and Penina Axelrad},
  year={2014}
}

@article{Kaasalainen,
author = {Kaasalainen, M and Torppa, Johanna},
year = {2001},
month = {09},
pages = {24–36},
title = {Optimization Methods for Asteroid Lightcurve Inversion: I. Shape Determination},
volume = {153},
journal = {Icarus},
doi = {10.1006/icar.2001.6673}
}

@inproceedings{Holzinger2012AttitudeEF,
  title={Attitude Estimation for Unresolved Agile Space Objects with Shape Model Uncertainty},
  author={Marcus J. Holzinger and Kyle Terry Alfriend and Charles J. Wetterer and Keith V K Luu and Chris A Sabol and Kris M. Hamada and Andrew Harms},
  year={2012}
}

@article{KAASALAINEN2002369,
title = "Models of Twenty Asteroids from Photometric Data",
journal = "Icarus",
volume = "159",
number = "2",
pages = "369 - 395",
year = "2002",
issn = "0019-1035",
doi = "https://doi.org/10.1006/icar.2002.6907",
url = "http://www.sciencedirect.com/science/article/pii/S0019103502969071",
author = "M. Kaasalainen and J. Torppa and J. Piironen"
}

@inproceedings{Separating,
title = {Separating Attitude and Shape effects for Non-resolved Objects},
author = {Hall, D., Calef, B., Knox, K., Bolden, M. and Kervin, P.},
year = {2007}
}







@article{kalman,
author = {Wetterer, Charles J. and Jah, Moriba K.},
title = {Attitude Determination from Light Curves},
journal = {Journal of Guidance, Control, and Dynamics},
volume = {32},
number = {5},
pages = {1648-1651},
year = {2009},
doi = {10.2514/1.44254},
URL = {https://doi.org/10.2514/1.44254},
eprint = {https://doi.org/10.2514/1.44254}
}

@article{LINARES20141,
title = "Astrometric and photometric data fusion for inactive space object mass and area estimation",
journal = "Acta Astronautica",
volume = "99",
pages = "1 - 15",
year = "2014",
issn = "0094-5765",
doi = "https://doi.org/10.1016/j.actaastro.2013.10.018",
url = "http://www.sciencedirect.com/science/article/pii/S0094576513003883",
author = "Richard Linares and Moriba K. Jah and John L. Crassidis and Fred A. Leve and Tom Kelecy"
}







@article{Fulcoly,
author = {Fulcoly, Daniel O. and Kalamaroff, Katharine I. and Chun, Francis},
title = {Determining Basic Satellite Shape from Photometric Light Curves},
journal = {Journal of Spacecraft and Rockets},
volume = {49},
number = {1},
pages = {76-82},
year = {2012},
doi = {10.2514/1.A32002},
URL = { https://doi.org/10.2514/1.A32002},
eprint = { https://doi.org/10.2514/1.A32002}

}

@INPROCEEDINGS{PSI,
   author = {{Calef}, B. and {Africano}, J. and {Birge}, B. and {Hall}, D. and 
	{Kervin}, P.},
    title = "{Photometric signature inversion}",
booktitle = {Society of Photo-Optical Instrumentation Engineers (SPIE) Conference Series},
     year = 2006,
   volume = 6307,
    month = aug,
      eid = {63070E},
    pages = {63070E},
      doi = {10.1117/12.683015},
   adsurl = {https://ui.adsabs.harvard.edu/abs/2006SPIE.6307E..0EC},
  adsnote = {Provided by the SAO/NASA Astrophysics Data System}
}
@Inbook{Minkowski1989,
author="Minkowski, Hermann",
title="Volumen und Oberfl{\"a}che",
bookTitle="Ausgew{\"a}hlte Arbeiten zur Zahlentheorie und zur Geometrie: Mit D. Hilberts Ged{\"a}chtnisrede auf H. Minkowski, G{\"o}ttingen 1909",
year="1989",
publisher="Springer Vienna",
address="Vienna",
pages="146--192",
abstract="F{\"u}r die konvexen K{\"o}rper gibt es einen elementaren Weg, um den Begriff der Oberfl{\"a}che aus dem einfacheren Begriffe des Volumens heraus zu entwickeln, und in Verfolg dieses Weges gelangt man zu sehr bemerkenswerten Erweiterungen der Tatsache, wonach unter allen K{\"o}rpern gleichen Volumens die Kugel die kleinste Oberfl{\"a}che besitzt.",
isbn="978-3-7091-9536-9",
doi="10.1007/978-3-7091-9536-9_7",
url="https://doi.org/10.1007/978-3-7091-9536-9_7"
}

@article{AttitudeEstimationFromLightCurve,
author = {Wetterer, Charles J. and Jah, Moriba K.},
title = {Attitude Determination from Light Curves},
journal = {Journal of Guidance, Control, and Dynamics},
volume = {32},
number = {5},
pages = {1648-1651},
year = {2009},
doi = {10.2514/1.44254},

URL = { 
        https://doi.org/10.2514/1.44254
    
},
eprint = { 
        https://doi.org/10.2514/1.44254
    
}

}

@article{SpaceObjectCharacterization,
author = {Linares, Richard and Jah, Moriba K. and Crassidis, John L. and Nebelecky, Christopher K.},
title = {Space Object Shape Characterization and Tracking Using Light Curve and Angles Data},
journal = {Journal of Guidance, Control, and Dynamics},
volume = {37},
number = {1},
pages = {13-25},
year = {2014},
doi = {10.2514/1.62986},

URL = { 
        https://doi.org/10.2514/1.62986
    
},
eprint = { 
        https://doi.org/10.2514/1.62986
    
}
}

@INPROCEEDINGS{StateAndParameter,
   author = {{Jah}, M. and {Madler}, R.},
    title = "{Satellite Characterization: Angles and Light Curve Data Fusion for Spacecraft State and Parameter Estimation}",
booktitle = {Advanced Maui Optical and Space Surveillance Technologies Conference},
     year = 2007,
      eid = {E49},
    pages = {E49},
   adsurl = {https://ui.adsabs.harvard.edu/abs/2007amos.confE..49J},
  adsnote = {Provided by the SAO/NASA Astrophysics Data System}
}

@article{Ashikhmin,
 author = {Ashikhmin, Michael and Shirley, Peter},
 title = {An Anisotropic Phong BRDF Model},
 journal = {J. Graph. Tools},
 issue_date = {Dec. 2000},
 volume = {5},
 number = {2},
 month = feb,
 year = {2000},
 issn = {1086-7651},
 pages = {25--32},
 numpages = {8},
 url = {http://dx.doi.org/10.1080/10867651.2000.10487522},
 doi = {10.1080/10867651.2000.10487522},
 acmid = {358644},
 publisher = {A. K. Peters, Ltd.},
 address = {Natick, MA, USA},
} 