@article{wetterer_ukf,
	author = {Wetterer, Charles J. and Jah, Moriba K.},
	title = {Attitude Estimation from Light Curves},
	journal = {Journal of Guidance, Control, and Dynamics},
	volume = {32},
	number = {5},
	pages = {1648-1651},
	year = {2009},
	doi = {10.2514/1.44254},
	URL = {https://doi.org/10.2514/1.44254},
	eprint = {https://doi.org/10.2514/1.44254}
}

@article{ukf_merwe,
author = {Wan, Eric and Merwe, Ronell},
year = {2000},
month = {02},
pages = {153 - 158},
title = {The Unscented Kalman Filter for Nonlinear Estimation},
volume = {153-158},
isbn = {0-7803-5800-7},
journal = {Proceedings of the IEEE 2000 Adaptive Systems for Signal Processing, Communications, and Control Symposium},
doi = {10.1109/ASSPCC.2000.882463}
}


@article{kf_kalman,
    Author = {Kalman, Rudolph Emil},
    Title = {A New Approach to Linear Filtering and Prediction Problems},
    Journal = {Transactions of the ASME--Journal of Basic Engineering},
    Volume = {82},
    Number = {Series D},
    Pages = {35--45},
    Year = {1960}
}

@article{lockheed_telescope,
    Author = {Yost, Morgan and Zizzi, Andrew},
    Title = {Leo SSA at the SPOT Facility},
    Journal = {Advances in the Astronautical Sciences Astrodynamics Conference},
    Volume = {167},
    Year = {2019}
}

@manual{baseler_ccd,
organization = "Basler",
title = "Basler avA2300-25gm Camera Specification",
number = "BD000572"
}



@ARTICLE{Julier_sigma,
author={S. J. {Julier} and J. K. {Uhlmann}},  
journal={Proceedings of the IEEE},  
title={Unscented filtering and nonlinear estimation},   
year={2004},  
volume={92},  
number={3},  
pages={401-422},}


@article{Linares_data_fusion,
	title = "Astrometric and photometric data fusion for inactive space object mass and area estimation",
	journal = "Acta Astronautica",
	volume = "99",
	pages = "1 - 15",
	year = "2014",
	issn = "0094-5765",
	doi = "https://doi.org/10.1016/j.actaastro.2013.10.018",
	url = "http://www.sciencedirect.com/science/article/pii/S0094576513003883",
	author = "Richard Linares and Moriba K. Jah and John L. Crassidis and Fred A. Leve and Tom Kelecy"
}

@article{MRPs,
  title={Modified Rodrigues Parameters: An Efficient Representation of Orientation in 3D Vision and Graphics},
  author={George Terzakis and Manolis I. A. Lourakis and Djamel Ait-Boudaoud},
  journal={Journal of Mathematical Imaging and Vision},
  year={2017},
  volume={60},
  pages={422-442}
}

@article{Crassidis_MRPs,
author = {Crassidis, John and Markley, Landis},
year = {1996},
month = {01},
pages = {71-83},
title = {Attitude estimation using modified rodrigues parameters},
journal = {Proceedings of the Flight Mechanics/Estimation Theory Symposium}
}

@article{Kaasalainen_LCI,
	author = {Kaasalainen, M and Torppa, Johanna},
	year = {2001},
	month = {09},
	pages = {24â€“36},
	title = {Optimization Methods for Asteroid Lightcurve Inversion: I. Shape Determination},
	volume = {153},
	journal = {Icarus},
	doi = {10.1006/icar.2001.6673}
}

@article{Bradley2014LIGHTCURVEIF,
author = {Linares, Richard and Jah, Moriba and Crassidis, John},
year = {2012},
month = {01},
pages = {217-232},
title = {Inactive space object shape estimation via astrometric and photometric data fusion},
volume = {143},
journal = {Advances in the Astronautical Sciences}
}


@article{Fulcoly,
author = {Fulcoly, Daniel O. and Kalamaroff, Katharine I. and Chun, Francis},
title = {Determining Basic Satellite Shape from Photometric Light Curves},
journal = {Journal of Spacecraft and Rockets},
volume = {49},
number = {1},
pages = {76-82},
year = {2012},
doi = {10.2514/1.A32002},
URL = { https://doi.org/10.2514/1.A32002},
eprint = { https://doi.org/10.2514/1.A32002}

}

@article{phong_brdf,
	author = {Ashikhmin, Michael and Shirley, Peter},
	title = {An Anisotropic Phong BRDF Model},
	journal = {J. Graph. Tools},
	issue_date = {Dec. 2000},
	volume = {5},
	number = {2},
	month = feb,
	year = {2000},
	issn = {1086-7651},
	pages = {25--32},
	numpages = {8},
	url = {http://dx.doi.org/10.1080/10867651.2000.10487522},
	doi = {10.1080/10867651.2000.10487522},
	acmid = {358644},
	publisher = {A. K. Peters, Ltd.},
	address = {Natick, MA, USA},
} 

@article{SpaceObjectCharacterization,
author = {Linares, Richard and Jah, Moriba K. and Crassidis, John L. and Nebelecky, Christopher K.},
title = {Space Object Shape Characterization and Tracking Using Light Curve and Angles Data},
journal = {Journal of Guidance, Control, and Dynamics},
volume = {37},
number = {1},
pages = {13-25},
year = {2014},
doi = {10.2514/1.62986},

URL = { 
        https://doi.org/10.2514/1.62986
    
},
eprint = { 
        https://doi.org/10.2514/1.62986
    
}
}

@INPROCEEDINGS{StateAndParameter,
   author = {{Jah}, M. and {Madler}, R.},
    title = "{Satellite Characterization: Angles and Light Curve Data Fusion for Spacecraft State and Parameter Estimation}",
booktitle = {Advanced Maui Optical and Space Surveillance Technologies Conference},
     year = 2007,
      eid = {E49},
    pages = {E49},
   adsurl = {https://ui.adsabs.harvard.edu/abs/2007amos.confE..49J},
  adsnote = {Provided by the SAO/NASA Astrophysics Data System}
}

@INPROCEEDINGS{Holzinger2012AttitudeEF,
       author = {{Holzinger}, M. and {Alfriend}, K.~T. and {Wetterer}, C.~J. and
         {Luu}, K.~K. and {Sabol}, C. and {Hamada}, K. and {Harms}, A.},
        title = "{Attitude Estimation for Unresolved Agile Space Objects with Shape Model Uncertainty}",
    booktitle = {Advanced Maui Optical and Space Surveillance Technologies Conference},
         year = 2012,
        month = sep,
          eid = {25},
        pages = {25},
       adsurl = {https://ui.adsabs.harvard.edu/abs/2012amos.confE..25H},
      adsnote = {Provided by the SAO/NASA Astrophysics Data System}
}

@article{sert2,
author = {Kerslake, William R. and Ignaczak, Louis R.},
title = {Development and flight history of the SERT II spacecraft},
journal = {Journal of Spacecraft and Rockets},
volume = {30},
number = {3},
pages = {258-290},
year = {1993},
doi = {10.2514/3.25512},

URL = { 
        https://doi.org/10.2514/3.25512
    
},
eprint = { 
        https://doi.org/10.2514/3.25512
    
}

}

@INPROCEEDINGS{global_albedo,
       author = {{Mulrooney}, M. and {Matney}, M. and {Hejduk}, M. and {Barker}, E.},
        title = "{An Investigation of Global Albedo Values}",
    booktitle = {Advanced Maui Optical and Space Surveillance Technologies Conference},
         year = 2008,
        month = jan,
          eid = {E65},
        pages = {E65},
       adsurl = {https://ui.adsabs.harvard.edu/abs/2008amos.confE..65M},
      adsnote = {Provided by the SAO/NASA Astrophysics Data System}
}


@article{ajisai,
author = {Kucharski, Daniel and Kirchner, Georg and Otsubo, Toshimichi and Koidl, Franz},
year = {2015},
month = {03},
pages = {34},
title = {A method to calculate zero-signature satellite laser ranging normal points for millimeter geodesy - A case study with Ajisai},
volume = {67},
journal = {Earth Planets and Space},
doi = {10.1186/s40623-015-0204-4}
}

@online{ajisai_jaxa,
  author = {JAXA},
  title = {About Experimental Geodetic Satellite "AJISAI" (EGS)},
  url = {\url{https://global.jaxa.jp/projects/sat/egs/}},
  urldate = {2020-04-14}
}

@INPROCEEDINGS{Spin_Direction,
       author = {{Magnusson}, Per and {Barucci}, M. Antonietta and {Drummond}, Jack D. and
         {Lumme}, Kari and {Ostro}, Steven J.},
        title = "{Determination of pole orientations and shapes of asteroids}",
     keywords = {Asteroids, Light Curve, Planetary Evolution, Planetary Rotation, Poles, Astronomical Photometry, Axes Of Rotation, Physical Properties, Radar Astronomy, Solar System, Astronomy},
    booktitle = {Asteroids II},
         year = 1989,
       editor = {{Binzel}, Richard P. and {Gehrels}, Tom and {Matthews}, Mildred Shapley},
        month = jan,
        pages = {67-97},
       adsurl = {https://ui.adsabs.harvard.edu/abs/1989aste.conf...67M},
      adsnote = {Provided by the SAO/NASA Astrophysics Data System}
}

@misc{Ariane_Date,
  title = {ARIANE 40 R/B Tracking},
  howpublished = {\url{https://www.n2yo.com/satellite/?s=22830}},
  note = {Accessed: 2020-04-27}
}

@inproceedings{kf_derivation,
  title={Tutorial: The Kalman Filter},
  author={T Lacey},
  year={1998},
  note={http://web.mit.edu/kirtley/kirtley/binlustuff/literature/control/Kalman%20filter.pdf}
}
